@Article{deal,
	  author = 	 {W. Bangerth and R. Hartmann and G. Kanschat},
	  title = 	 {{deal.II} -- a~General Purpose Object Oriented Finite Element Library},
	  journal = 	 {ACM Trans. Math. Softw.},
	  year = 	 2007,
	  volume = 	 33,
	  number = 	 4,
	  pages = 	 {24/1-24/27},
	  }

@Article{gracie,
    author =   {R. Gracie and J.R. Craig},
    title =    {Modelling well leakage in multilayer aquifer systems using the extended finite element method},
    journal =    {Finite elements in Analysis and Design, Elsevier B.V.},
    year =   2010,
    volume =   46,
    pages =    {504-513},
    }

@Article{pum,
    author =   {I. Babuška and J.M. Melenk},
    title =    {The partition of unity method},
    journal =    {International Journal for Numerical Methods in Engineering},
    year =   1997,
    volume =   40,
    }


@BOOK{rek1,
  title = {Variaèní metody v inženýrských problémech a v problémech matematické fyziky},
  publisher = {Academia Praha},
  year = {1999},
  author = {K. Rektorys},
  isbn = {80-200-0714-8},

}

@MISC{parc,
    author =   { M. Rokyta and O. John and J.Málek and M. Pokorný and J. Stará},
    title =    {Skripta -- Úvod do moderní teorie parciálních diferenciálních rovnic},
    year =   2009,
    note =  {pages 15-22},
    howpublished = "\url{http://ww.karlin.mff.cuni.cz/~malek/new/images/Skripta.pdf}",
    }


@Article{bem,
	  author = 	 {P. Hunter and A. Pullan},
	  title = 	 {FEM/BEM Notes},
	  publisher =	 {Department of Engineering Science, The University of Auckland, New Zealand},
	  journal = 	 {Finite elements in Analysis and Design, Elsevier B.V.},
	  year = 	 2001,
	  pages = 	 {43-59},
	  }

@Article{g_x_overview,
    author =   {T.P. Fries and T. Belytschko},
    title =    { The generalized/extended finite element method: An overview of the method and its applications},
    journal =    {International Journal for Numerical Methods in Engineering},
    year =   2010,
    volume =   84,
    pages =    {253-304},
    }

@Article{mxfem,
    author =   {T.P. Fries},
    title =    {A corrected XFEM approximation without problems in blending elements},
    journal =    {International Journal for Numerical Methods in Engineering},
    year =   2007,
    volume =   75,
    pages =    {503-532},
    }

@Article{xfem_hang,
    author =   {T.P. Fries and A. Byfut and A. Alizada and K.W. Cheng and A. Schröder},
    title =    {Hanging nodes XFEM},
    journal =    {International Journal for Numerical Methods in Engineering},
    year =   2011,
    volume =   86,
    pages =    {404-430},
    }

@Article{gmsh,
	  author = 	 { C. Geuzaine and J.-F. Remacle},
	  title = 	 {{GMSH}: a~three-dimensional finite element mesh generator with built-in pre- and post-processing facilities},
	  journal = 	 {International Journal for Numerical Methods in Engineering},
	  year = 	 2009,
	  volume = 	 79,
	  number = 	 11,
	  pages = 	 {1309-1331},
    note = "\url{http://geuz.org/gmsh/}"
	  }