@Article{gracie,
    author =   {Robert Gracie and James R. Craig},
    title =    {Modelling well leakage in multilayer aquifer systems using the extended finite element method},
    journal =    {Finite elements in Analysis and Design, Elsevier B.V.},
    year =   2010,
    volume =   46,
    pages =    {504-513},
    }
    
@Article{craig,
    author =   {James R. Craig and Robert Gracie},
    title =    {Using the extended finite element method for simulation of transient well leakage in multilayer aquifers},
    journal =    {Advances in Water Recources, Elsevier B.V.},
    year =   2011,
    volume =   34,
    pages =    {1207-1214},
    }

@Article{cxfem,
    author =   {Thomas Peter Fries},
    title =    {A corrected {XFEM} approximation without problems in blending elements},
    journal =    {International Journal for Numerical Methods in Engineering},
    year =   2007,
    volume =   75,
    pages =    {503-532},
    }
    
@Article{sgfem,
     author = {{Babu{\v s}ka}, I. and {Banerjee}, U.},
    title = "{Stable Generalized Finite Element Method (SGFEM)}",
  journal = {Computer Methods in Applied Mechanics and Engineering},
archivePrefix = "arXiv",
   eprint = {1104.0960},
 primaryClass = "math.NA",
     year = 2012,
    month = jan,
   volume = 201,
    pages = {91-111},
    }
    
@ARTICLE{sgfem2013,
   author = {{Gupta}, V. and {Duarte}, C.~A. and {Babu{\v s}ka}, I. and {Banerjee}, U.
    },
    title = "{A stable and optimally convergent generalized FEM (SGFEM) for linear elastic fracture mechanics}",
  journal = {Computer Methods in Applied Mechanics and Engineering},
     year = 2013,
    month = nov,
   volume = 266,
    pages = {23-39}
}


@BOOK{rek1,
  title = {Varia\v cn\' i metody v in\v zen\' yrsk\' ych probl\' emech a v probl\' emech matematick\' e fyziky},
  publisher = {Academia Praha},
  year = {1999},
  author = {Karel Rektorys},
  isbn = {80-200-0714-8},

}

@Article{deal,
    author =   {W. Bangerth and R. Hartmann and G. Kanschat},
    title =    {{deal.II} -- a~General Purpose Object Oriented Finite Element Library},
    journal =    {ACM Trans. Math. Softw.},
    year =   2007,
    volume =   33,
    number =   4,
    pages =    {24/1-24/27},
    }
    
@mastersthesis{dip,
  title = {Partition of unity methods for approximation of point water sources in porous media.},
  school = {Technical University of Liberec, Faculty of Mechatronics, Informatics and Interdisciplinary Studies},
  year = {2013},
  author = {Pavel Exner},
  howpublished = "\url{http://bacula.nti.tul.cz/\~pavel.exner/files/dipl_Pavel_Exner.pdf}"
}

@Article{pum,
    author =   {I. {Babu\v ska} and J.M. Melenk},
    title =    {The partition of unity method},
    journal =    {International Journal for Numerical Methods in Engineering},
    year =   1997,
    volume =   40,
    }

}

@MISC{parc,
    author =   { M. Rokyta and O. John and J.M\' alek and M. Pokorn\' y and J. Star\' a},
    title =    {Skripta -- \'{U}vod do modern\' i teorie parci\' aln\' ich diferenci\' aln\' ich rovnic},
    year =   2009,
    note =  {pages 15-22},
    howpublished = "\url{http://ww.karlin.mff.cuni.cz/~malek/new/images/Skripta.pdf}",
    }


@Article{bem,
    author = 	 {P. Hunter and A. Pullan},
    title = 	 {{FEM}/{BEM} Notes},
    publisher =	 {Department of Engineering Science, The University of Auckland, New Zealand},
    journal = 	 {Finite elements in Analysis and Design, Elsevier B.V.},
    year = 	 2001,
    pages = 	 {43-59},
    }

@Article{g_x_overview,
    author =   {Thomas Peter Fries and Ted Belytschko},
    title =    { The generalized/extended finite element method: An overview of the method and its applications},
    journal =    {International Journal for Numerical Methods in Engineering},
    year =   2010,
    volume =   84,
    pages =    {253-304},
    }


@Article{xfem_hang,
    author =   {T.P. Fries and A. Byfut and A. Alizada and K.W. Cheng and A. Schröder},
    title =    {Hanging nodes XFEM},
    journal =    {International Journal for Numerical Methods in Engineering},
    year =   2011,
    volume =   86,
    pages =    {404-430},
    }

@Article{gmsh,
    author = 	 { C. Geuzaine and J.-F. Remacle},
    title = 	 {{GMSH}: a~three-dimensional finite element mesh generator with built-in pre- and post-processing facilities},
    journal = 	 {International Journal for Numerical Methods in Engineering},
    year = 	 2009,
    volume = 	 79,
    number = 	 11,
    pages = 	 {1309-1331},
    note = "\url{http://geuz.org/gmsh/}"
    }